\documentclass[main.tex]{subfiles}

\begin{document}

\section{RIFERIMENTI}

\begin{thebibliography}{999}

\bibitem[Blunt et al.(1989)]{blunt}
Blunt W., Raphael S., Monateri E. N., Gli erbari: manoscritti e libri dall'antichit{\`a} all'et{\`a} moderna, Umberto Allemandi, 1989.
  
\bibitem[Raffaelli(2009)]{raf}
Raffaelli M., L’erbario come fonte di informazione per le ricerche corologiche ed ecologiche, "Il museo di storia naturale dell'Universit{\`a} di Firenze. Ediz. italiana e inglese", Firenze University Press, Vol. 2, pag. 307, 2009.

\bibitem[Raddi(2018)]{rad}
Raddi G,. Digitalizzazione della collezione di pteridofite brasiliane, 2018.

\bibitem[von Engelhardt(2011)]{von}
von Engelhardt D., Luca Ghini (1490-1556): il padre fondatore della botanica moderna nel contesto dei rapporti scientifici europei del sedicesimo secolo, Museo, 2011.

\bibitem[Miramonti(2004)]{mira}
Miramonti M., Sistema museale d'Ateneo: guida ai 13 musei universitari di Bologna, Minerva Edizioni, 2004.

\bibitem[Mossetti, Cristofolini(1992)]{moscri}
Mossetti U., Cristofolini G., Storia e stato attuale dell’Hortus Siccus di Antonio Bertoloni, "Mem Accad Lunigianese Sci “Giovanni Capellini", pag. 40-41, 1992.

\bibitem[Baldini et al.(2019)]{band}
Baldini R. M., Macvean A. L., Cristofolini G., Daniel T. F., Managlia A., Galloni M., Synopsis and typification of the names published by Antonio Bertoloni in Florula Guatimalensis and in preceding publications, Phytotaxa, Vol. 420, Num. 3, pag. 199-223, 2019.

\bibitem[Moggi(2009)]{moggi}
Moggi G., Storia delle collezioni botaniche del Museo, "Il Museo di Storia Naturale dell’Universit{\`a} di Firenze", Vol. 2, pag. 3-57, 2009.

\bibitem[Bonini(2006)]{bonin}
Bonini I., L'Herbarium Universitatis Senensis: storia, personaggi, erbari, "L'Herbarium Universitatis Senensis", CLUEB, pag. 1000-1014, 2006.

\bibitem[Greve et al.(2016)]{greve}
Greve M., Lykke A. M.,  Fagg C. W., Gereau R. E., Lewis G. P., Marchant R., Marshall A. R., Ndayishimiye J., Bogaert J., Svenning J-C, Realising the potential of herbarium records for conservation biology, "South African Journal of Botany", Elsevier, Vol. 105, pag. 317-323, 2016.

\bibitem[Bartolozzi, Sforzi(2009)]{barto}
Bartolozzi L., Sforzi A., Le collezioni entomologiche, "Il Museo di storia naturale dell'Universit{\`a} degli studi di Firenze", Firenze University Press, Vol. 1, pag. 107, 2009.

\bibitem[Monechi, Rook(2009)]{mone}
Monechi S., Rook L., Il Museo di Storia Naturale dell'Universit{\`a} degli Studi di Firenze. Le collezioni geologiche e paleontologiche, Firenze University Press, Vol. 3, 2009.

\bibitem[Corradini(2010)]{corra}
Corradini E., La catalogazione e nuove tecnologie informatiche per l’accessibilit{\`a} al patrimonio naturalistico, "Memorie del XX Congresso ANMS--Associazione Nazionale Musei Scientifici, I musei delle scienze e la biodiversit{\`a}, Ferrara", pag. 17-19, 2010.

\bibitem[De Felici, Martellos(2019)]{def}
De Felici S., Martellos S., Produzione e aggregazione di dati primari di biodiversit{\`a} nel sistema italiano dei musei naturalistici.

\bibitem[Minicante et al.(2017)]{mini}
Minicante S. A., Birello G., Ceregato A., Perin A., Rapporto Tecnico, 2017.

\bibitem[Clementi(2011)]{cleme}
Clementi M., Nuovi strumenti per l’accesso alle collezioni dell’Herbarium Patavinum, "Museol. Sci. Mem", Vol. 11, pag. 145-148, 2011.
  
\bibitem[Di Prisco, Caprio(2019)]{dipri}
Di Prisco G., Caprio E., CENNI DI MORFOLOGIA, ANATOMIA E FISIOLOGIA DELL’APE, "Gestione igienico sanitaria degli apiari a salvaguardia dell’ambiente e della biodiversit{\`a}", pag. 25, 2019.

\bibitem[Krishna, Keasar(2018)]{kk}
Krishna S., Keasar T., Morphological complexity as a floral signal: from perception by insect pollinators to co-evolutionary implications, "International Journal of Molecular Sciences", MDPI, Vol. 19, Num. 6, pag. 1681, 2018.
  
\bibitem[Manino, Porporato(2013)]{manipo}
Manino A., Porporato M., Api selvatiche: importanza e problematiche, 2013.

\bibitem[Bortolotti(2019)]{borto}
Bortolotti L., Api e impollinazione: L’importanza della biodiversit{\`a} per la produzione agricola e la conservazione degli ecosistemi, "Natura bresciana: annuario del Museo Civico di Storia Naturale di Brescia", Museo Civico di Science Naturali di Brescia, Num. 42. pag. 73-84, 2019.

\bibitem[Filippi, Strumia(2018)]{filis}
Filippi L., Strumia F., Gli Imenotteri Apoidei della Riserva Naturale di Monterufoli-Caselli (PI): un hotspot di biodiversit{\`a}, 2018.

\bibitem[Formato et al.(2020)]{form}
Formato G., D'Ascenzi C., Mosca M., Bava R., Valentini L., Api e Ambiente-Manuale operativo, Societ{\`a} Italiana di Medicina Veterinaria Preventiva, 2020.

\bibitem[Bellucci et al.(2021)]{bellu}
Bellucci V., Piotto B., Silli V. (a cura di), 2021. Piante e insetti impollinatori: un’alleanza per la biodiversità. ISPRA, Serie Rapporti, 350/2021

\bibitem[Caporali et al.(2009)]{capo}
Caporali F., Mancinelli R., Campiglia E., Di Felice V., Vazzana C., Lazzerini G., Benedetti A., Mocali S., Calabrese J., Indicatori di Biodiversit{\`a} per la Sostenibilit{\`a} in Agricoltura, "ISPRA, Roma, Italy", 2009.

\bibitem[Gomez et al.(2008)]{gomez}
Gomez J. M., Bosch J., Perfectti F.,  Fern{\'a}ndez JD, Abdelaziz M., Camacho J. P. M., Spatial variation in selection on corolla shape in a generalist plant is promoted by the preference patterns of its local pollinators, "Proceedings of the Royal Society B: Biological Sciences", The Royal Society London, Vol. 275, Num. 1648, pag. 2241-2249, 2008.

\bibitem[Dohzono, Yokoyama(2010)]{yoko}
Dohzono I., Yokoyama J., Impacts of alien bees on native plant-pollinator relationships: A review with special emphasis on plant reproduction, "Applied Entomology and Zoology", Japanese Society of Applied Entomology and Zoology, Vol. 45, Num. 1, pag. 37-47, 2010.

\bibitem[LeBuhn, Luna(2021)]{lebuh}
LeBuhn G., Luna J. V., Pollinator decline: what do we know about the drivers of solitary bee declines?, Elsevier, Vol. 46, pag. 106-111, 2021. 

\bibitem[Campan, Scapini(2004)]{camp}
Campan R., Scapini R.; Etologia, Bologna, Zanichelli, 2004.

\bibitem[Turillazzi, West-Eberhard(2007)]{turil}
Turillazzi S., West-Eberhard M. J., Evoluzione della socialit{\`a}, 2007.

\bibitem[Aldini(2007)]{aldi}
Aldini R. N., Etologia degli Apoidei presociali (Hymenoptera Apoidea), 2007.

\bibitem[Alternativi(2005)]{alt}
Alternativi - Pronubi Naturali, Pronubi naturali alternativi alle api mellifiche nell'impollinazione dei frutteti, "Vol. 179.-Atti e memorie dell'Accademia di Agricoltura Scienze e Lettere di Verona", Accademia di Agricoltura Scienze e Lettere di Verona, pag. 375, 2005.

\bibitem[Quaranta et al.(2018)]{quara}
Quaranta M., Cornalba M., Biella P., Comba M., Battistoni A., Rondinini C., Teofili C., Lista rossa IUCN delle api italiane minacciate (IUCN Red List of Italian threatened bees, "Comitato Italiano IUCN e Ministero dell’Ambiente e della Tutela del Territorio e del Mare: Roma, Italy", pag. 67, 2018.

\bibitem[Bianco et al.(2021)]{bianco}
Bianco P. M., Bellucci V., Sannino R., Silli V. Gli Apoidei e l’agricoltura sostenibile. 16/2021. ISPRA (2021).

\bibitem[Commissione Europea(2018)]{comeu}
EU Pollinators Initiative and others, Brussels, 1.6. 2018. COM (2018) 395 final.

\bibitem[Terzo Rapporto(2019)]{tr}
Comitato Capitale Naturale, Terzo Rapporto sullo Stato del Capitale Naturale in Italia, Roma, 2019.

\bibitem[ISPRA(2020)]{isp}
ISPRA (2020). Il declino delle api e degli impollinatori. Le risposte alle domande più frequenti. Quaderni Natura e Biodiversità n.12/2020. ISBN 978-88-448-1000-9, 43 p.

\bibitem[Kennedy et al.(2013)]{ken}
Kennedy C. M., Lonsdorf E., Neel M. C., Williams N. M., Ricketts T. H., Winfree R., Bommarco R., Brittain C., Burley A. L., Cariveau D. and others, A global quantitative synthesis of local and landscape effects on wild bee pollinators in agroecosystems, "Ecology letters", Wiley Online Library, Vol. 16, Num. 5, pag. 584-599, 2013.

\bibitem[Serini(2000)]{serin}
Serini G. Bolchi., Istituto di Entomologia agraria Universit{\`a} degli Studi-Milano.

\bibitem[De Jager et al.(2011)]{dg}
De Jager M. L., Dreyer L. L., Ellis A. G., Do pollinators influence the assembly of flower colours within plant communities?, "Oecologia", Springer, Vol. 166, Num. 2, pag. 543-553, 2011.

\bibitem[L{\'a}zaro et al.(2013)]{laz}
L{\'a}zaro A., Jakobsson A., Totland {\O}., How do pollinator visitation rate and seed set relate to species’ floral traits and community context?, "Oecologia", Springer, Vol. 173, Num. 3, pag. 881-893, 2013.

\bibitem[Neal et al.(1998)]{neal}
Neal P. R., Dafni A., Giurfa M., Floral symmetry and its role in plant-pollinator systems: terminology, distribution, and hypotheses, "Annual Review of Ecology and Systematics", JSTOR, pag. 345-373, 1998.

\bibitem[Andreatta et al.(2022)]{atta}
Andreatta D., Scotton M., Fontana P., Zanotelli L., Conservare i prati ricchi di specie per conservare le api: relazione tra apoidei selvatici e comunit{\`a} vegetali in Val di Fiemme, "BIOAGRIMONT". pag. 32, 2022.

\bibitem[Lodesani et al.(2013)]{lode}
Lodesani M., Bortolotti L., Medrzycki P., Mutinelli F., Gallina A., Granato A., Bozza M. A., Porrini C., Sgolastra F., Draghetti S. and others, La rete nazionale di monitoraggio apistico.

\bibitem[Progetto Corine(2010)]{corine}
ISPRA, La realizzazione in Italia del Progetto Corine Land Cover 2006, "Istituto Superiore per la Protezione e la Ricerca Ambientale", Vol. 131, pag. 50, 2010.

\bibitem[Munaf{\`o}, Marinosci(2018)]{muna}
Munaf{\`o} M., Marinosci I., Territorio. Processi e trasformazioni in Italia, "ISPRA, Rapporti", Vol. 296, pag. 2018, 2018.

\bibitem[Rossi et al.(2013)]{rossi}
Rossi G., Montagnani C., Gargano D., Peruzzi L., Abeli T., Ravera S., Cogoni A., Fenu G., Magrini S., Gennai M. and others, Lista Rossa IUCN della Flora Italiana. 1. Policy Species e altre specie minacciate, Societ{\`a} Botanica Italiana, 2013.

\bibitem[Rossi et al.(2020)]{rossid}
Rossi G., Orsenigo S., Gargano D., Montagnani C., Peruzzi L., Fenu G., Abeli T., Alessandrini A., Astuti G., Bacchetta G. and others, Lista Rossa della Flora Italiana. 2 Endemiti e altre specie minacciate, Ministero dell’Ambiente e della Tutela del Territorio e del Mare, 2020.

\bibitem[Turland et al.(2018)]{turl}
Turland N. J, Wiersema J. H., Barrie F.R, Greuter W., Hawksworth D. L., Herendeen P. S., Knapp S., Kusber W.-H., Li D., Marhold K. and others, International Code of Nomenclature for algae, fungi, and plants (Shenzhen Code) adopted by the Nineteenth International Botanical Congress Shenzhen, China, July 2017., Koeltz botanical books, 2018.

\bibitem[Satta et al.(2004)]{satta}
Satta A., Floris I., Pigliaru G., DataBees: uno strumento informatico per la gestione delle risorse Api e Mieli, "Apoidea", Vol. 1, pag. 25-30, 2004.

\bibitem[Biondi(1987)]{biondi}
Biondi M., Osservazioni comparative sul comportamento di tre indici di similarit{\`a} per dati binari, "Biogeographia--The Journal of Integrative Biogeography", Vol. 11, Num. 1, 1987.

\bibitem[Oksanen(2013)]{oks}
Oksanen J., Vegan: ecological diversity. R Project, 2013.

\bibitem[Marion et al.(2017)]{mario}
Marion Z. H., Fordyce J. A., Fitzpatrick B. M., Pairwise beta diversity resolves an underappreciated source of confusion in calculating species turnover, Wiley Online Library, 2017.

\bibitem[Maragoni(2008)]{mara}
Maragoni L., Combinazione di modelli grafici per l'analisi di network biologici.

\bibitem[Bosch et al.(2009)]{bosch}
Bosch J., Mart{\'\i}n Gonz{\'a}lez A. M., Rodrigo A., Navarro D., Plant-pollinator networks: adding the pollinator’s perspective, "Ecology letters", Wiley Online Library, Vol. 12, Num. 5, pag. 409-419, 2009.

\bibitem[Devoto et al.(2012)]{dev}
Devoto M., Bailey S., Craze P., Memmott J., Understanding and planning ecological restoration of plant--pollinator networks, "Ecology letters", Wiley Online Library, Vol. 15, Num. 4, pag. 319-328, 2012.

\bibitem[Olesen et al.(2007)]{ole}
Olesen J. M., Bascompte J., Dupont Y. L., Jordano P., The modularity of pollination networks, "Proceedings of the National Academy of Sciences", National Acad Sciences, Vol. 104, Num. 50, pag. 19891-19896, 2007.

\bibitem[Goffe et al.(1994)]{goffe}
Goffe W. L., Ferrier G. D., Rogers J., Global optimization of statistical functions with simulated annealing, "Journal of econometrics", Elsevier, Vol. 60, Num. 1-2, pag. 65-99, 1994.

\bibitem[Dormann et al.(2014)]{dormann}
Dormann C. F., Strauss R., A method for detecting modules in quantitative bipartite networks, "Methods in Ecology and Evolution", Wiley Online Library, Vol. 5, Num. 1, pag. 90-98, 2014.

\bibitem[Alessandrini(2007)]{aless}
Alessandrini A., Un database di schedatura della Flora Italica di Antonio Bertoloni, "Inf. Bot. It.", Vol. 39, pag. 343-350, 2007.
  
\clearpage

\end{thebibliography}
\end{document}